@inproceedings{norouzi2012fast,
  title={Fast search in hamming space with multi-index hashing},
  author={Norouzi, Mohammad and Punjani, Ali and Fleet, David J},
  booktitle={Computer Vision and Pattern Recognition (CVPR), 2012 IEEE Conference on},
  pages={3108--3115},
  year={2012},
  organization={IEEE}
}

@inproceedings{norouzi2011minimal,
  title={Minimal loss hashing for compact binary codes},
  author={Norouzi, Mohammad and Blei, David M},
  booktitle={Proceedings of the 28th International Conference on Machine Learning (ICML-11)},
  pages={353--360},
  year={2011}
}

@inproceedings{rublee2011orb,
  title={ORB: an efficient alternative to SIFT or SURF},
  author={Rublee, Ethan and Rabaud, Vincent and Konolige, Kurt and Bradski, Gary},
  booktitle={Computer Vision (ICCV), 2011 IEEE International Conference on},
  pages={2564--2571},
  year={2011},
  organization={IEEE}
}

@inproceedings{torralba2008small,
  title={Small codes and large image databases for recognition},
  author={Torralba, Antonio and Fergus, Robert and Weiss, Yair},
  booktitle={Computer Vision and Pattern Recognition, 2008. CVPR 2008. IEEE Conference on},
  pages={1--8},
  year={2008},
  organization={IEEE}
}

@inproceedings{huiskes08,
 author = {Mark J. Huiskes and Michael S. Lew},
 title = {The MIR Flickr Retrieval Evaluation},
 booktitle = {MIR '08: Proceedings of the 2008 ACM International Conference on Multimedia Information Retrieval},
 year = {2008},
 location = {Vancouver, Canada},
 publisher = {ACM},
 address = {New York, NY, USA},
}

@article{griffin2007caltech,
  title={Caltech-256 object category dataset},
  author={Griffin, Gregory and Holub, Alex and Perona, Pietro},
  year={2007},
  publisher={California Institute of Technology}
}

@inproceedings{Nilsback08,
   author = {Nilsback, M-E. and Zisserman, A.},
   title = {Automated Flower Classification over a Large Number of Classes},
   booktitle = {Proceedings of the Indian Conference on Computer Vision, Graphics and Image Processing},
   year = {2008},
   month = {Dec}
} 

@inproceedings{jegou2011searching,
  title={Searching in one billion vectors: re-rank with source coding},
  author={J{\'e}gou, Herv{\'e} and Tavenard, Romain and Douze, Matthijs and Amsaleg, Laurent},
  booktitle={Acoustics, Speech and Signal Processing (ICASSP), 2011 IEEE International Conference on},
  pages={861--864},
  year={2011},
  organization={IEEE}
}

@inproceedings{andoni2006near,
  title={Near-optimal hashing algorithms for approximate nearest neighbor in high dimensions},
  author={Andoni, Alexandr and Indyk, Piotr},
  booktitle={Foundations of Computer Science, 2006. FOCS'06. 47th Annual IEEE Symposium on},
  pages={459--468},
  year={2006},
  organization={IEEE}
}

